@electronic{matlab,
  author       = {Nicholas M Schneider},
  editor       = {{Nicholas M Schneider}},
  title        = {{Nearest Image for Particle Simulations and Molecular Dynamics in MATLAB}},
  url          = {https://nmschneider.com/blog/2014/5/9/nearest-image-for-particle-simulations-in-matlab},
  urldate      = {9.30.2022},
  originalyear = {2014}
}

@electronic{Adrian,
  author       = {Adrian E. Feiguin},
  editor       = {{Adrian E. Feiguin}},
  title        = {{Boundary conditions}},
  url          = {https://web.northeastern.edu/afeiguin/p4840/p131spring04/node41.html},
  urldate      = {9.30.2022},
  originalyear = {2004}
}
